







@article{doi:10.1021/acs.langmuir.0c01216,
author = {Li, Guangle and Robles, Gabriel and Di, Jimmy Z. and Zuo, Yi Y.},
title = {Compound Drop Shape Analysis with the Neumann Number},
journal = {Langmuir},
volume = {36},
number = {26},
pages = {7619-7626},
year = {2020},
doi = {10.1021/acs.langmuir.0c01216},
    note ={PMID: 32519874},

URL = { 
        https://doi.org/10.1021/acs.langmuir.0c01216
    
},
eprint = { 
        https://doi.org/10.1021/acs.langmuir.0c01216
    
}

}


